<?xml version="1.0" encoding="UTF-8"?><collection xmlns="http://www.loc.gov/MARC21/slim"><record><leader>00295nam--2200121-i-4500</leader><controlfield tag="001">000029772</controlfield><controlfield tag="002">20161230</controlfield><controlfield tag="005">20161230201037</controlfield><controlfield tag="008">060222s1000------------r-----000-0-eng-d</controlfield><datafield ind1=" " ind2=" " tag="245"><subfield code="a">Lecture notes in math</subfield></datafield><datafield ind1=" " ind2=" " tag="260"><subfield code="a">Berlin, Springer-verlag, 1984</subfield></datafield><datafield ind1=" " ind2=" " tag="700"><subfield code="a">A.Truman And D.Williams</subfield></datafield><datafield ind1=" " ind2=" " tag="852"><subfield code="a">73858</subfield></datafield></record></collection>